<?xml version="1.0" encoding="UTF-8"?><collection xmlns="http://www.loc.gov/MARC21/slim"><record><leader>00336nam--2200121-i-4500</leader><controlfield tag="001">000033258</controlfield><controlfield tag="002">20161230</controlfield><controlfield tag="005">20161230201039</controlfield><controlfield tag="008">060222s1000------------r-----000-0-eng-d</controlfield><datafield ind1=" " ind2=" " tag="080"><subfield code="a">65.012.4</subfield></datafield><datafield ind1=" " ind2=" " tag="245"><subfield code="a">Metode moderne folosite in conducerea intreprinderilor.culegere de traduceri</subfield></datafield><datafield ind1=" " ind2=" " tag="260"><subfield code="a">Bucuresti, I.C.D.T., 1970. 92p</subfield></datafield><datafield ind1=" " ind2=" " tag="852"><subfield code="a">32571</subfield></datafield></record></collection>